<record><leader>00000cas a22000007a 4500</leader><controlfield tag="001">10979155</controlfield><controlfield tag="008">840724d18161854ohuwr ne      0    0eng d</controlfield><datafield ind1=" " ind2=" " tag="010"><subfield code="a">sn 84028382 </subfield></datafield><datafield ind1=" " ind2=" " tag="040"><subfield code="a">NPY</subfield><subfield code="b">eng</subfield><subfield code="c">NPY</subfield><subfield code="d">NPX</subfield><subfield code="d">DLC</subfield><subfield code="d">NPU</subfield><subfield code="d">ONP</subfield><subfield code="d">CNK</subfield><subfield code="d">OCL</subfield><subfield code="d">OCLCQ</subfield><subfield code="d">KRTAS</subfield><subfield code="d">OCLCQ</subfield><subfield code="d">OCLCF</subfield><subfield code="d">OCLCO</subfield><subfield code="d">CUS</subfield><subfield code="d">DLC</subfield></datafield><datafield ind1=" " ind2=" " tag="042"><subfield code="a">msc</subfield></datafield><datafield ind1=" " ind2=" " tag="043"><subfield code="a">n-us-oh</subfield></datafield><datafield ind1="0" ind2="0" tag="050"><subfield code="a">Newspaper 9214-X</subfield></datafield><datafield ind1="0" ind2=" " tag="130"><subfield code="a">Western Reserve chronicle (Warren, Ohio : 1816)</subfield></datafield><datafield ind1="1" ind2="0" tag="245"><subfield code="a">Western Reserve chronicle.</subfield></datafield><datafield ind1=" " ind2=" " tag="260"><subfield code="a">Warren, Trumbull County, Ohio :</subfield><subfield code="b">F. Bissell,</subfield><subfield code="c">-1854.</subfield></datafield><datafield ind1=" " ind2=" " tag="300"><subfield code="a">volumes</subfield></datafield><datafield ind1=" " ind2=" " tag="310"><subfield code="a">Weekly</subfield></datafield><datafield ind1=" " ind2=" " tag="336"><subfield code="a">text</subfield><subfield code="b">txt</subfield><subfield code="2">rdacontent</subfield></datafield><datafield ind1=" " ind2=" " tag="337"><subfield code="a">unmediated</subfield><subfield code="b">n</subfield><subfield code="2">rdamedia</subfield></datafield><datafield ind1=" " ind2=" " tag="338"><subfield code="a">volume</subfield><subfield code="b">nc</subfield><subfield code="2">rdacarrier</subfield></datafield><datafield ind1="0" ind2=" " tag="362"><subfield code="a">-v. 38, no. 1952 (Feb. 23, 1854).</subfield></datafield><datafield ind1="1" ind2=" " tag="362"><subfield code="a">Began with Oct. 4, 1816 issue.</subfield></datafield><datafield ind1=" " ind2=" " tag="500"><subfield code="a">"National Republican, 1828-1834; Whig, 1834-1848; Free Soil, 1848-1854."</subfield></datafield><datafield ind1=" " ind2=" " tag="500"><subfield code="a">"Free soil for a free people."</subfield></datafield><datafield ind1=" " ind2=" " tag="588"><subfield code="a">Description based on: Vol. 1, no. 2 (Oct. 11, 1816).</subfield></datafield><datafield ind1=" " ind2="0" tag="651"><subfield code="a">Warren (Ohio)</subfield><subfield code="v">Newspapers.</subfield></datafield><datafield ind1=" " ind2="0" tag="651"><subfield code="a">Trumbull County (Ohio)</subfield><subfield code="v">Newspapers.</subfield></datafield><datafield ind1=" " ind2="7" tag="651"><subfield code="a">Ohio</subfield><subfield code="z">Trumbull County.</subfield><subfield code="2">fast</subfield><subfield code="0">(OCoLC)fst01219877</subfield></datafield><datafield ind1=" " ind2="7" tag="651"><subfield code="a">Ohio</subfield><subfield code="z">Warren.</subfield><subfield code="2">fast</subfield><subfield code="0">(OCoLC)fst01213681</subfield></datafield><datafield ind1=" " ind2="7" tag="655"><subfield code="a">Newspapers.</subfield><subfield code="2">fast</subfield><subfield code="0">(OCoLC)fst01423814</subfield></datafield><datafield ind1=" " ind2=" " tag="752"><subfield code="a">United States</subfield><subfield code="b">Ohio</subfield><subfield code="c">Trumbull</subfield><subfield code="d">Warren.</subfield></datafield><datafield ind1="0" ind2="0" tag="780"><subfield code="t">Trump of fame</subfield><subfield code="x">2574-5034</subfield><subfield code="w">(DLC)sn 84028381</subfield><subfield code="w">(OCoLC)2639008</subfield></datafield><datafield ind1="0" ind2="7" tag="785"><subfield code="t">Western Reserve transcript and Whig</subfield><subfield code="w">(DLC)sn 84028380</subfield><subfield code="w">(OCoLC)10974064</subfield></datafield><datafield ind1="0" ind2="7" tag="785"><subfield code="t">Western Reserve chronicle and transcript of the times</subfield><subfield code="w">(DLC)sn 84028383</subfield><subfield code="w">(OCoLC)10981831</subfield></datafield><datafield ind1=" " ind2=" " tag="938"><subfield code="a">Kirtas Technologies, Inc.</subfield><subfield code="b">KRTS</subfield><subfield code="n">738645</subfield></datafield><datafield ind1="1" ind2=" " tag="029"><subfield code="a">AU@</subfield><subfield code="b">000020121229</subfield></datafield></record>